%YAML 1.1
%TAG !u! tag:unity3d.com,2011:
--- !u!1 &7836225015815544583
GameObject:
  m_ObjectHideFlags: 0
  m_CorrespondingSourceObject: {fileID: 0}
  m_PrefabInstance: {fileID: 0}
  m_PrefabAsset: {fileID: 0}
  serializedVersion: 6
  m_Component:
  - component: {fileID: 7836225015815544580}
  - component: {fileID: 2960332325946685990}
  m_Layer: 0
  m_Name: CharacterList3
  m_TagString: Untagged
  m_Icon: {fileID: 0}
  m_NavMeshLayer: 0
  m_StaticEditorFlags: 0
  m_IsActive: 1
--- !u!4 &7836225015815544580
Transform:
  m_ObjectHideFlags: 0
  m_CorrespondingSourceObject: {fileID: 0}
  m_PrefabInstance: {fileID: 0}
  m_PrefabAsset: {fileID: 0}
  m_GameObject: {fileID: 7836225015815544583}
  m_LocalRotation: {x: 0, y: 0, z: 0, w: 1}
  m_LocalPosition: {x: 22.6, y: -1.6, z: 0}
  m_LocalScale: {x: 1, y: 1, z: 1}
  m_Children:
  - {fileID: 5440136625927332861}
  - {fileID: 1213310185215582907}
  - {fileID: 3501725090500647925}
  - {fileID: 1440047729012086399}
  m_Father: {fileID: 0}
  m_RootOrder: 0
  m_LocalEulerAnglesHint: {x: 0, y: 0, z: 0}
--- !u!114 &2960332325946685990
MonoBehaviour:
  m_ObjectHideFlags: 0
  m_CorrespondingSourceObject: {fileID: 0}
  m_PrefabInstance: {fileID: 0}
  m_PrefabAsset: {fileID: 0}
  m_GameObject: {fileID: 7836225015815544583}
  m_Enabled: 1
  m_EditorHideFlags: 0
  m_Script: {fileID: 11500000, guid: 8d3d727376410b24181b0b6e62975554, type: 3}
  m_Name: 
  m_EditorClassIdentifier: 
  playerPref: CharacterSelected3
--- !u!1001 &704518368325303368
PrefabInstance:
  m_ObjectHideFlags: 0
  serializedVersion: 2
  m_Modification:
    m_TransformParent: {fileID: 7836225015815544580}
    m_Modifications:
    - target: {fileID: 1887129353016091661, guid: 026e5a93427540b43a126fea9713ae73,
        type: 3}
      propertyPath: m_Name
      value: Player3Orange Variant
      objectReference: {fileID: 0}
    - target: {fileID: 1890069827731319351, guid: 026e5a93427540b43a126fea9713ae73,
        type: 3}
      propertyPath: m_LocalPosition.x
      value: 0
      objectReference: {fileID: 0}
    - target: {fileID: 1890069827731319351, guid: 026e5a93427540b43a126fea9713ae73,
        type: 3}
      propertyPath: m_LocalPosition.y
      value: 0
      objectReference: {fileID: 0}
    - target: {fileID: 1890069827731319351, guid: 026e5a93427540b43a126fea9713ae73,
        type: 3}
      propertyPath: m_LocalPosition.z
      value: -0.33
      objectReference: {fileID: 0}
    - target: {fileID: 1890069827731319351, guid: 026e5a93427540b43a126fea9713ae73,
        type: 3}
      propertyPath: m_LocalRotation.x
      value: -0
      objectReference: {fileID: 0}
    - target: {fileID: 1890069827731319351, guid: 026e5a93427540b43a126fea9713ae73,
        type: 3}
      propertyPath: m_LocalRotation.y
      value: -0
      objectReference: {fileID: 0}
    - target: {fileID: 1890069827731319351, guid: 026e5a93427540b43a126fea9713ae73,
        type: 3}
      propertyPath: m_LocalRotation.z
      value: -0
      objectReference: {fileID: 0}
    - target: {fileID: 1890069827731319351, guid: 026e5a93427540b43a126fea9713ae73,
        type: 3}
      propertyPath: m_LocalRotation.w
      value: 1
      objectReference: {fileID: 0}
    - target: {fileID: 1890069827731319351, guid: 026e5a93427540b43a126fea9713ae73,
        type: 3}
      propertyPath: m_RootOrder
      value: 3
      objectReference: {fileID: 0}
    - target: {fileID: 1890069827731319351, guid: 026e5a93427540b43a126fea9713ae73,
        type: 3}
      propertyPath: m_LocalEulerAnglesHint.x
      value: 0
      objectReference: {fileID: 0}
    - target: {fileID: 1890069827731319351, guid: 026e5a93427540b43a126fea9713ae73,
        type: 3}
      propertyPath: m_LocalEulerAnglesHint.y
      value: 0
      objectReference: {fileID: 0}
    - target: {fileID: 1890069827731319351, guid: 026e5a93427540b43a126fea9713ae73,
        type: 3}
      propertyPath: m_LocalEulerAnglesHint.z
      value: 0
      objectReference: {fileID: 0}
    m_RemovedComponents: []
  m_SourcePrefab: {fileID: 100100000, guid: 026e5a93427540b43a126fea9713ae73, type: 3}
--- !u!4 &1440047729012086399 stripped
Transform:
  m_CorrespondingSourceObject: {fileID: 1890069827731319351, guid: 026e5a93427540b43a126fea9713ae73,
    type: 3}
  m_PrefabInstance: {fileID: 704518368325303368}
  m_PrefabAsset: {fileID: 0}
--- !u!1001 &1354552704154729270
PrefabInstance:
  m_ObjectHideFlags: 0
  serializedVersion: 2
  m_Modification:
    m_TransformParent: {fileID: 7836225015815544580}
    m_Modifications:
    - target: {fileID: 2476549542977580793, guid: e6adfd30df1bfc74b9d19d179d95487f,
        type: 3}
      propertyPath: m_Name
      value: Player3LightOrange Variant
      objectReference: {fileID: 0}
    - target: {fileID: 2473873585600651459, guid: e6adfd30df1bfc74b9d19d179d95487f,
        type: 3}
      propertyPath: m_LocalPosition.x
      value: 0
      objectReference: {fileID: 0}
    - target: {fileID: 2473873585600651459, guid: e6adfd30df1bfc74b9d19d179d95487f,
        type: 3}
      propertyPath: m_LocalPosition.y
      value: 0
      objectReference: {fileID: 0}
    - target: {fileID: 2473873585600651459, guid: e6adfd30df1bfc74b9d19d179d95487f,
        type: 3}
      propertyPath: m_LocalPosition.z
      value: -0.33
      objectReference: {fileID: 0}
    - target: {fileID: 2473873585600651459, guid: e6adfd30df1bfc74b9d19d179d95487f,
        type: 3}
      propertyPath: m_LocalRotation.x
      value: -0
      objectReference: {fileID: 0}
    - target: {fileID: 2473873585600651459, guid: e6adfd30df1bfc74b9d19d179d95487f,
        type: 3}
      propertyPath: m_LocalRotation.y
      value: -0
      objectReference: {fileID: 0}
    - target: {fileID: 2473873585600651459, guid: e6adfd30df1bfc74b9d19d179d95487f,
        type: 3}
      propertyPath: m_LocalRotation.z
      value: -0
      objectReference: {fileID: 0}
    - target: {fileID: 2473873585600651459, guid: e6adfd30df1bfc74b9d19d179d95487f,
        type: 3}
      propertyPath: m_LocalRotation.w
      value: 1
      objectReference: {fileID: 0}
    - target: {fileID: 2473873585600651459, guid: e6adfd30df1bfc74b9d19d179d95487f,
        type: 3}
      propertyPath: m_RootOrder
      value: 2
      objectReference: {fileID: 0}
    - target: {fileID: 2473873585600651459, guid: e6adfd30df1bfc74b9d19d179d95487f,
        type: 3}
      propertyPath: m_LocalEulerAnglesHint.x
      value: 0
      objectReference: {fileID: 0}
    - target: {fileID: 2473873585600651459, guid: e6adfd30df1bfc74b9d19d179d95487f,
        type: 3}
      propertyPath: m_LocalEulerAnglesHint.y
      value: 0
      objectReference: {fileID: 0}
    - target: {fileID: 2473873585600651459, guid: e6adfd30df1bfc74b9d19d179d95487f,
        type: 3}
      propertyPath: m_LocalEulerAnglesHint.z
      value: 0
      objectReference: {fileID: 0}
    m_RemovedComponents: []
  m_SourcePrefab: {fileID: 100100000, guid: e6adfd30df1bfc74b9d19d179d95487f, type: 3}
--- !u!4 &3501725090500647925 stripped
Transform:
  m_CorrespondingSourceObject: {fileID: 2473873585600651459, guid: e6adfd30df1bfc74b9d19d179d95487f,
    type: 3}
  m_PrefabInstance: {fileID: 1354552704154729270}
  m_PrefabAsset: {fileID: 0}
--- !u!1001 &1393200807263565400
PrefabInstance:
  m_ObjectHideFlags: 0
  serializedVersion: 2
  m_Modification:
    m_TransformParent: {fileID: 7836225015815544580}
    m_Modifications:
    - target: {fileID: 6350099577904929695, guid: 71a522ddd9a03f8409ea1cb974b8435d,
        type: 3}
      propertyPath: m_Name
      value: Player (3)
      objectReference: {fileID: 0}
    - target: {fileID: 6353061407197943205, guid: 71a522ddd9a03f8409ea1cb974b8435d,
        type: 3}
      propertyPath: m_LocalPosition.x
      value: 0
      objectReference: {fileID: 0}
    - target: {fileID: 6353061407197943205, guid: 71a522ddd9a03f8409ea1cb974b8435d,
        type: 3}
      propertyPath: m_LocalPosition.y
      value: 0
      objectReference: {fileID: 0}
    - target: {fileID: 6353061407197943205, guid: 71a522ddd9a03f8409ea1cb974b8435d,
        type: 3}
      propertyPath: m_LocalPosition.z
      value: -0.33
      objectReference: {fileID: 0}
    - target: {fileID: 6353061407197943205, guid: 71a522ddd9a03f8409ea1cb974b8435d,
        type: 3}
      propertyPath: m_LocalRotation.x
      value: 0
      objectReference: {fileID: 0}
    - target: {fileID: 6353061407197943205, guid: 71a522ddd9a03f8409ea1cb974b8435d,
        type: 3}
      propertyPath: m_LocalRotation.y
      value: 0
      objectReference: {fileID: 0}
    - target: {fileID: 6353061407197943205, guid: 71a522ddd9a03f8409ea1cb974b8435d,
        type: 3}
      propertyPath: m_LocalRotation.z
      value: 0
      objectReference: {fileID: 0}
    - target: {fileID: 6353061407197943205, guid: 71a522ddd9a03f8409ea1cb974b8435d,
        type: 3}
      propertyPath: m_LocalRotation.w
      value: 1
      objectReference: {fileID: 0}
    - target: {fileID: 6353061407197943205, guid: 71a522ddd9a03f8409ea1cb974b8435d,
        type: 3}
      propertyPath: m_RootOrder
      value: 0
      objectReference: {fileID: 0}
    - target: {fileID: 6353061407197943205, guid: 71a522ddd9a03f8409ea1cb974b8435d,
        type: 3}
      propertyPath: m_LocalEulerAnglesHint.x
      value: 0
      objectReference: {fileID: 0}
    - target: {fileID: 6353061407197943205, guid: 71a522ddd9a03f8409ea1cb974b8435d,
        type: 3}
      propertyPath: m_LocalEulerAnglesHint.y
      value: 0
      objectReference: {fileID: 0}
    - target: {fileID: 6353061407197943205, guid: 71a522ddd9a03f8409ea1cb974b8435d,
        type: 3}
      propertyPath: m_LocalEulerAnglesHint.z
      value: 0
      objectReference: {fileID: 0}
    m_RemovedComponents: []
  m_SourcePrefab: {fileID: 100100000, guid: 71a522ddd9a03f8409ea1cb974b8435d, type: 3}
--- !u!4 &5440136625927332861 stripped
Transform:
  m_CorrespondingSourceObject: {fileID: 6353061407197943205, guid: 71a522ddd9a03f8409ea1cb974b8435d,
    type: 3}
  m_PrefabInstance: {fileID: 1393200807263565400}
  m_PrefabAsset: {fileID: 0}
--- !u!1001 &8115529500407727205
PrefabInstance:
  m_ObjectHideFlags: 0
  serializedVersion: 2
  m_Modification:
    m_TransformParent: {fileID: 7836225015815544580}
    m_Modifications:
    - target: {fileID: 6952469725515720932, guid: 7cec4667456024e4882093a21806e5c3,
        type: 3}
      propertyPath: m_Name
      value: Player3Bunny Variant
      objectReference: {fileID: 0}
    - target: {fileID: 6950932441278375646, guid: 7cec4667456024e4882093a21806e5c3,
        type: 3}
      propertyPath: m_LocalPosition.x
      value: 0
      objectReference: {fileID: 0}
    - target: {fileID: 6950932441278375646, guid: 7cec4667456024e4882093a21806e5c3,
        type: 3}
      propertyPath: m_LocalPosition.y
      value: 0
      objectReference: {fileID: 0}
    - target: {fileID: 6950932441278375646, guid: 7cec4667456024e4882093a21806e5c3,
        type: 3}
      propertyPath: m_LocalPosition.z
      value: -0.33
      objectReference: {fileID: 0}
    - target: {fileID: 6950932441278375646, guid: 7cec4667456024e4882093a21806e5c3,
        type: 3}
      propertyPath: m_LocalRotation.x
      value: -0
      objectReference: {fileID: 0}
    - target: {fileID: 6950932441278375646, guid: 7cec4667456024e4882093a21806e5c3,
        type: 3}
      propertyPath: m_LocalRotation.y
      value: -0
      objectReference: {fileID: 0}
    - target: {fileID: 6950932441278375646, guid: 7cec4667456024e4882093a21806e5c3,
        type: 3}
      propertyPath: m_LocalRotation.z
      value: -0
      objectReference: {fileID: 0}
    - target: {fileID: 6950932441278375646, guid: 7cec4667456024e4882093a21806e5c3,
        type: 3}
      propertyPath: m_LocalRotation.w
      value: 1
      objectReference: {fileID: 0}
    - target: {fileID: 6950932441278375646, guid: 7cec4667456024e4882093a21806e5c3,
        type: 3}
      propertyPath: m_RootOrder
      value: 1
      objectReference: {fileID: 0}
    - target: {fileID: 6950932441278375646, guid: 7cec4667456024e4882093a21806e5c3,
        type: 3}
      propertyPath: m_LocalEulerAnglesHint.x
      value: 0
      objectReference: {fileID: 0}
    - target: {fileID: 6950932441278375646, guid: 7cec4667456024e4882093a21806e5c3,
        type: 3}
      propertyPath: m_LocalEulerAnglesHint.y
      value: 0
      objectReference: {fileID: 0}
    - target: {fileID: 6950932441278375646, guid: 7cec4667456024e4882093a21806e5c3,
        type: 3}
      propertyPath: m_LocalEulerAnglesHint.z
      value: 0
      objectReference: {fileID: 0}
    m_RemovedComponents: []
  m_SourcePrefab: {fileID: 100100000, guid: 7cec4667456024e4882093a21806e5c3, type: 3}
--- !u!4 &1213310185215582907 stripped
Transform:
  m_CorrespondingSourceObject: {fileID: 6950932441278375646, guid: 7cec4667456024e4882093a21806e5c3,
    type: 3}
  m_PrefabInstance: {fileID: 8115529500407727205}
  m_PrefabAsset: {fileID: 0}
