%YAML 1.1
%TAG !u! tag:unity3d.com,2011:
--- !u!1 &4490582024808436642
GameObject:
  m_ObjectHideFlags: 0
  m_CorrespondingSourceObject: {fileID: 0}
  m_PrefabInstance: {fileID: 0}
  m_PrefabAsset: {fileID: 0}
  serializedVersion: 6
  m_Component:
  - component: {fileID: 4490582024808436643}
  - component: {fileID: 8350706574681631471}
  m_Layer: 0
  m_Name: CharacterList2
  m_TagString: Untagged
  m_Icon: {fileID: 0}
  m_NavMeshLayer: 0
  m_StaticEditorFlags: 0
  m_IsActive: 1
--- !u!4 &4490582024808436643
Transform:
  m_ObjectHideFlags: 0
  m_CorrespondingSourceObject: {fileID: 0}
  m_PrefabInstance: {fileID: 0}
  m_PrefabAsset: {fileID: 0}
  m_GameObject: {fileID: 4490582024808436642}
  m_LocalRotation: {x: 0, y: 0, z: 0, w: 1}
  m_LocalPosition: {x: 22.6, y: -1.6, z: 0}
  m_LocalScale: {x: 1, y: 1, z: 1}
  m_Children:
  - {fileID: 1242403069452077911}
  - {fileID: 8029423404829743876}
  - {fileID: 5762269630832458122}
  - {fileID: 1949019491161032433}
  m_Father: {fileID: 0}
  m_RootOrder: 0
  m_LocalEulerAnglesHint: {x: 0, y: 0, z: 0}
--- !u!114 &8350706574681631471
MonoBehaviour:
  m_ObjectHideFlags: 0
  m_CorrespondingSourceObject: {fileID: 0}
  m_PrefabInstance: {fileID: 0}
  m_PrefabAsset: {fileID: 0}
  m_GameObject: {fileID: 4490582024808436642}
  m_Enabled: 1
  m_EditorHideFlags: 0
  m_Script: {fileID: 11500000, guid: 8d3d727376410b24181b0b6e62975554, type: 3}
  m_Name: 
  m_EditorClassIdentifier: 
  playerPref: CharacterSelected2
--- !u!1001 &1932845454696977168
PrefabInstance:
  m_ObjectHideFlags: 0
  serializedVersion: 2
  m_Modification:
    m_TransformParent: {fileID: 4490582024808436643}
    m_Modifications:
    - target: {fileID: 8482082275213952558, guid: e30abc7c5fabafb43b4600e1b62b6acf,
        type: 3}
      propertyPath: m_Name
      value: Player2Bunny Variant
      objectReference: {fileID: 0}
    - target: {fileID: 8483909479377963028, guid: e30abc7c5fabafb43b4600e1b62b6acf,
        type: 3}
      propertyPath: m_LocalPosition.x
      value: 0
      objectReference: {fileID: 0}
    - target: {fileID: 8483909479377963028, guid: e30abc7c5fabafb43b4600e1b62b6acf,
        type: 3}
      propertyPath: m_LocalPosition.y
      value: 0
      objectReference: {fileID: 0}
    - target: {fileID: 8483909479377963028, guid: e30abc7c5fabafb43b4600e1b62b6acf,
        type: 3}
      propertyPath: m_LocalPosition.z
      value: -0.33
      objectReference: {fileID: 0}
    - target: {fileID: 8483909479377963028, guid: e30abc7c5fabafb43b4600e1b62b6acf,
        type: 3}
      propertyPath: m_LocalRotation.x
      value: -0
      objectReference: {fileID: 0}
    - target: {fileID: 8483909479377963028, guid: e30abc7c5fabafb43b4600e1b62b6acf,
        type: 3}
      propertyPath: m_LocalRotation.y
      value: -0
      objectReference: {fileID: 0}
    - target: {fileID: 8483909479377963028, guid: e30abc7c5fabafb43b4600e1b62b6acf,
        type: 3}
      propertyPath: m_LocalRotation.z
      value: -0
      objectReference: {fileID: 0}
    - target: {fileID: 8483909479377963028, guid: e30abc7c5fabafb43b4600e1b62b6acf,
        type: 3}
      propertyPath: m_LocalRotation.w
      value: 1
      objectReference: {fileID: 0}
    - target: {fileID: 8483909479377963028, guid: e30abc7c5fabafb43b4600e1b62b6acf,
        type: 3}
      propertyPath: m_RootOrder
      value: 1
      objectReference: {fileID: 0}
    - target: {fileID: 8483909479377963028, guid: e30abc7c5fabafb43b4600e1b62b6acf,
        type: 3}
      propertyPath: m_LocalEulerAnglesHint.x
      value: 0
      objectReference: {fileID: 0}
    - target: {fileID: 8483909479377963028, guid: e30abc7c5fabafb43b4600e1b62b6acf,
        type: 3}
      propertyPath: m_LocalEulerAnglesHint.y
      value: 0
      objectReference: {fileID: 0}
    - target: {fileID: 8483909479377963028, guid: e30abc7c5fabafb43b4600e1b62b6acf,
        type: 3}
      propertyPath: m_LocalEulerAnglesHint.z
      value: 0
      objectReference: {fileID: 0}
    m_RemovedComponents: []
  m_SourcePrefab: {fileID: 100100000, guid: e30abc7c5fabafb43b4600e1b62b6acf, type: 3}
--- !u!4 &8029423404829743876 stripped
Transform:
  m_CorrespondingSourceObject: {fileID: 8483909479377963028, guid: e30abc7c5fabafb43b4600e1b62b6acf,
    type: 3}
  m_PrefabInstance: {fileID: 1932845454696977168}
  m_PrefabAsset: {fileID: 0}
--- !u!1001 &2437569136046367120
PrefabInstance:
  m_ObjectHideFlags: 0
  serializedVersion: 2
  m_Modification:
    m_TransformParent: {fileID: 4490582024808436643}
    m_Modifications:
    - target: {fileID: 7939498553659004448, guid: 849ac4084b899de40a7dbb065a7cb1c7,
        type: 3}
      propertyPath: m_Name
      value: Player2LightOrange Variant
      objectReference: {fileID: 0}
    - target: {fileID: 7936553680863877146, guid: 849ac4084b899de40a7dbb065a7cb1c7,
        type: 3}
      propertyPath: m_LocalPosition.x
      value: 0
      objectReference: {fileID: 0}
    - target: {fileID: 7936553680863877146, guid: 849ac4084b899de40a7dbb065a7cb1c7,
        type: 3}
      propertyPath: m_LocalPosition.y
      value: 0
      objectReference: {fileID: 0}
    - target: {fileID: 7936553680863877146, guid: 849ac4084b899de40a7dbb065a7cb1c7,
        type: 3}
      propertyPath: m_LocalPosition.z
      value: -0.33
      objectReference: {fileID: 0}
    - target: {fileID: 7936553680863877146, guid: 849ac4084b899de40a7dbb065a7cb1c7,
        type: 3}
      propertyPath: m_LocalRotation.x
      value: -0
      objectReference: {fileID: 0}
    - target: {fileID: 7936553680863877146, guid: 849ac4084b899de40a7dbb065a7cb1c7,
        type: 3}
      propertyPath: m_LocalRotation.y
      value: -0
      objectReference: {fileID: 0}
    - target: {fileID: 7936553680863877146, guid: 849ac4084b899de40a7dbb065a7cb1c7,
        type: 3}
      propertyPath: m_LocalRotation.z
      value: -0
      objectReference: {fileID: 0}
    - target: {fileID: 7936553680863877146, guid: 849ac4084b899de40a7dbb065a7cb1c7,
        type: 3}
      propertyPath: m_LocalRotation.w
      value: 1
      objectReference: {fileID: 0}
    - target: {fileID: 7936553680863877146, guid: 849ac4084b899de40a7dbb065a7cb1c7,
        type: 3}
      propertyPath: m_RootOrder
      value: 2
      objectReference: {fileID: 0}
    - target: {fileID: 7936553680863877146, guid: 849ac4084b899de40a7dbb065a7cb1c7,
        type: 3}
      propertyPath: m_LocalEulerAnglesHint.x
      value: 0
      objectReference: {fileID: 0}
    - target: {fileID: 7936553680863877146, guid: 849ac4084b899de40a7dbb065a7cb1c7,
        type: 3}
      propertyPath: m_LocalEulerAnglesHint.y
      value: 0
      objectReference: {fileID: 0}
    - target: {fileID: 7936553680863877146, guid: 849ac4084b899de40a7dbb065a7cb1c7,
        type: 3}
      propertyPath: m_LocalEulerAnglesHint.z
      value: 0
      objectReference: {fileID: 0}
    m_RemovedComponents: []
  m_SourcePrefab: {fileID: 100100000, guid: 849ac4084b899de40a7dbb065a7cb1c7, type: 3}
--- !u!4 &5762269630832458122 stripped
Transform:
  m_CorrespondingSourceObject: {fileID: 7936553680863877146, guid: 849ac4084b899de40a7dbb065a7cb1c7,
    type: 3}
  m_PrefabInstance: {fileID: 2437569136046367120}
  m_PrefabAsset: {fileID: 0}
--- !u!1001 &6072858983669373421
PrefabInstance:
  m_ObjectHideFlags: 0
  serializedVersion: 2
  m_Modification:
    m_TransformParent: {fileID: 4490582024808436643}
    m_Modifications:
    - target: {fileID: 5003578663490002048, guid: 9b2642384ba869f409e8006b65084565,
        type: 3}
      propertyPath: m_Name
      value: Player (2)
      objectReference: {fileID: 0}
    - target: {fileID: 5006531723537470138, guid: 9b2642384ba869f409e8006b65084565,
        type: 3}
      propertyPath: m_LocalPosition.x
      value: 0
      objectReference: {fileID: 0}
    - target: {fileID: 5006531723537470138, guid: 9b2642384ba869f409e8006b65084565,
        type: 3}
      propertyPath: m_LocalPosition.y
      value: 0
      objectReference: {fileID: 0}
    - target: {fileID: 5006531723537470138, guid: 9b2642384ba869f409e8006b65084565,
        type: 3}
      propertyPath: m_LocalPosition.z
      value: -0.33
      objectReference: {fileID: 0}
    - target: {fileID: 5006531723537470138, guid: 9b2642384ba869f409e8006b65084565,
        type: 3}
      propertyPath: m_LocalRotation.x
      value: 0
      objectReference: {fileID: 0}
    - target: {fileID: 5006531723537470138, guid: 9b2642384ba869f409e8006b65084565,
        type: 3}
      propertyPath: m_LocalRotation.y
      value: 0
      objectReference: {fileID: 0}
    - target: {fileID: 5006531723537470138, guid: 9b2642384ba869f409e8006b65084565,
        type: 3}
      propertyPath: m_LocalRotation.z
      value: 0
      objectReference: {fileID: 0}
    - target: {fileID: 5006531723537470138, guid: 9b2642384ba869f409e8006b65084565,
        type: 3}
      propertyPath: m_LocalRotation.w
      value: 1
      objectReference: {fileID: 0}
    - target: {fileID: 5006531723537470138, guid: 9b2642384ba869f409e8006b65084565,
        type: 3}
      propertyPath: m_RootOrder
      value: 0
      objectReference: {fileID: 0}
    - target: {fileID: 5006531723537470138, guid: 9b2642384ba869f409e8006b65084565,
        type: 3}
      propertyPath: m_LocalEulerAnglesHint.x
      value: 0
      objectReference: {fileID: 0}
    - target: {fileID: 5006531723537470138, guid: 9b2642384ba869f409e8006b65084565,
        type: 3}
      propertyPath: m_LocalEulerAnglesHint.y
      value: 0
      objectReference: {fileID: 0}
    - target: {fileID: 5006531723537470138, guid: 9b2642384ba869f409e8006b65084565,
        type: 3}
      propertyPath: m_LocalEulerAnglesHint.z
      value: 0
      objectReference: {fileID: 0}
    m_RemovedComponents: []
  m_SourcePrefab: {fileID: 100100000, guid: 9b2642384ba869f409e8006b65084565, type: 3}
--- !u!4 &1242403069452077911 stripped
Transform:
  m_CorrespondingSourceObject: {fileID: 5006531723537470138, guid: 9b2642384ba869f409e8006b65084565,
    type: 3}
  m_PrefabInstance: {fileID: 6072858983669373421}
  m_PrefabAsset: {fileID: 0}
--- !u!1001 &7630411464729779571
PrefabInstance:
  m_ObjectHideFlags: 0
  serializedVersion: 2
  m_Modification:
    m_TransformParent: {fileID: 4490582024808436643}
    m_Modifications:
    - target: {fileID: 8278296100010022328, guid: d052719a550aac04d94053d709cfcad1,
        type: 3}
      propertyPath: m_Name
      value: Player2WhiteBunny Variant
      objectReference: {fileID: 0}
    - target: {fileID: 8280118784828513154, guid: d052719a550aac04d94053d709cfcad1,
        type: 3}
      propertyPath: m_LocalPosition.x
      value: 0
      objectReference: {fileID: 0}
    - target: {fileID: 8280118784828513154, guid: d052719a550aac04d94053d709cfcad1,
        type: 3}
      propertyPath: m_LocalPosition.y
      value: 0
      objectReference: {fileID: 0}
    - target: {fileID: 8280118784828513154, guid: d052719a550aac04d94053d709cfcad1,
        type: 3}
      propertyPath: m_LocalPosition.z
      value: -0.33
      objectReference: {fileID: 0}
    - target: {fileID: 8280118784828513154, guid: d052719a550aac04d94053d709cfcad1,
        type: 3}
      propertyPath: m_LocalRotation.x
      value: -0
      objectReference: {fileID: 0}
    - target: {fileID: 8280118784828513154, guid: d052719a550aac04d94053d709cfcad1,
        type: 3}
      propertyPath: m_LocalRotation.y
      value: -0
      objectReference: {fileID: 0}
    - target: {fileID: 8280118784828513154, guid: d052719a550aac04d94053d709cfcad1,
        type: 3}
      propertyPath: m_LocalRotation.z
      value: -0
      objectReference: {fileID: 0}
    - target: {fileID: 8280118784828513154, guid: d052719a550aac04d94053d709cfcad1,
        type: 3}
      propertyPath: m_LocalRotation.w
      value: 1
      objectReference: {fileID: 0}
    - target: {fileID: 8280118784828513154, guid: d052719a550aac04d94053d709cfcad1,
        type: 3}
      propertyPath: m_RootOrder
      value: 3
      objectReference: {fileID: 0}
    - target: {fileID: 8280118784828513154, guid: d052719a550aac04d94053d709cfcad1,
        type: 3}
      propertyPath: m_LocalEulerAnglesHint.x
      value: 0
      objectReference: {fileID: 0}
    - target: {fileID: 8280118784828513154, guid: d052719a550aac04d94053d709cfcad1,
        type: 3}
      propertyPath: m_LocalEulerAnglesHint.y
      value: 0
      objectReference: {fileID: 0}
    - target: {fileID: 8280118784828513154, guid: d052719a550aac04d94053d709cfcad1,
        type: 3}
      propertyPath: m_LocalEulerAnglesHint.z
      value: 0
      objectReference: {fileID: 0}
    - target: {fileID: 8226204523480911534, guid: d052719a550aac04d94053d709cfcad1,
        type: 3}
      propertyPath: m_Enabled
      value: 1
      objectReference: {fileID: 0}
    m_RemovedComponents: []
  m_SourcePrefab: {fileID: 100100000, guid: d052719a550aac04d94053d709cfcad1, type: 3}
--- !u!4 &1949019491161032433 stripped
Transform:
  m_CorrespondingSourceObject: {fileID: 8280118784828513154, guid: d052719a550aac04d94053d709cfcad1,
    type: 3}
  m_PrefabInstance: {fileID: 7630411464729779571}
  m_PrefabAsset: {fileID: 0}
