%YAML 1.1
%TAG !u! tag:unity3d.com,2011:
--- !u!1 &1805475636046916932
GameObject:
  m_ObjectHideFlags: 0
  m_CorrespondingSourceObject: {fileID: 0}
  m_PrefabInstance: {fileID: 0}
  m_PrefabAsset: {fileID: 0}
  serializedVersion: 6
  m_Component:
  - component: {fileID: 1805475636046916933}
  - component: {fileID: 1806636900014686307}
  m_Layer: 0
  m_Name: CharacterList4
  m_TagString: Untagged
  m_Icon: {fileID: 0}
  m_NavMeshLayer: 0
  m_StaticEditorFlags: 0
  m_IsActive: 1
--- !u!4 &1805475636046916933
Transform:
  m_ObjectHideFlags: 0
  m_CorrespondingSourceObject: {fileID: 0}
  m_PrefabInstance: {fileID: 0}
  m_PrefabAsset: {fileID: 0}
  m_GameObject: {fileID: 1805475636046916932}
  m_LocalRotation: {x: 0, y: 0, z: 0, w: 1}
  m_LocalPosition: {x: 22.6, y: -1.6, z: 0}
  m_LocalScale: {x: 1, y: 1, z: 1}
  m_Children:
  - {fileID: 5409249118435252097}
  - {fileID: 5393497455118695537}
  - {fileID: 784947804748974118}
  - {fileID: 5778809916126332430}
  m_Father: {fileID: 0}
  m_RootOrder: 0
  m_LocalEulerAnglesHint: {x: 0, y: 0, z: 0}
--- !u!114 &1806636900014686307
MonoBehaviour:
  m_ObjectHideFlags: 0
  m_CorrespondingSourceObject: {fileID: 0}
  m_PrefabInstance: {fileID: 0}
  m_PrefabAsset: {fileID: 0}
  m_GameObject: {fileID: 1805475636046916932}
  m_Enabled: 1
  m_EditorHideFlags: 0
  m_Script: {fileID: 11500000, guid: 8d3d727376410b24181b0b6e62975554, type: 3}
  m_Name: 
  m_EditorClassIdentifier: 
  playerPref: CharacterSelected4
--- !u!1001 &2321532387109993416
PrefabInstance:
  m_ObjectHideFlags: 0
  serializedVersion: 2
  m_Modification:
    m_TransformParent: {fileID: 1805475636046916933}
    m_Modifications:
    - target: {fileID: 3087642926850719188, guid: 60d04a85c043b8243bf1bd74e8037ee7,
        type: 3}
      propertyPath: m_Name
      value: Player4Orange Variant
      objectReference: {fileID: 0}
    - target: {fileID: 3085824160149566446, guid: 60d04a85c043b8243bf1bd74e8037ee7,
        type: 3}
      propertyPath: m_LocalPosition.x
      value: 0
      objectReference: {fileID: 0}
    - target: {fileID: 3085824160149566446, guid: 60d04a85c043b8243bf1bd74e8037ee7,
        type: 3}
      propertyPath: m_LocalPosition.y
      value: 0
      objectReference: {fileID: 0}
    - target: {fileID: 3085824160149566446, guid: 60d04a85c043b8243bf1bd74e8037ee7,
        type: 3}
      propertyPath: m_LocalPosition.z
      value: -0.33
      objectReference: {fileID: 0}
    - target: {fileID: 3085824160149566446, guid: 60d04a85c043b8243bf1bd74e8037ee7,
        type: 3}
      propertyPath: m_LocalRotation.x
      value: -0
      objectReference: {fileID: 0}
    - target: {fileID: 3085824160149566446, guid: 60d04a85c043b8243bf1bd74e8037ee7,
        type: 3}
      propertyPath: m_LocalRotation.y
      value: -0
      objectReference: {fileID: 0}
    - target: {fileID: 3085824160149566446, guid: 60d04a85c043b8243bf1bd74e8037ee7,
        type: 3}
      propertyPath: m_LocalRotation.z
      value: -0
      objectReference: {fileID: 0}
    - target: {fileID: 3085824160149566446, guid: 60d04a85c043b8243bf1bd74e8037ee7,
        type: 3}
      propertyPath: m_LocalRotation.w
      value: 1
      objectReference: {fileID: 0}
    - target: {fileID: 3085824160149566446, guid: 60d04a85c043b8243bf1bd74e8037ee7,
        type: 3}
      propertyPath: m_RootOrder
      value: 2
      objectReference: {fileID: 0}
    - target: {fileID: 3085824160149566446, guid: 60d04a85c043b8243bf1bd74e8037ee7,
        type: 3}
      propertyPath: m_LocalEulerAnglesHint.x
      value: 0
      objectReference: {fileID: 0}
    - target: {fileID: 3085824160149566446, guid: 60d04a85c043b8243bf1bd74e8037ee7,
        type: 3}
      propertyPath: m_LocalEulerAnglesHint.y
      value: 0
      objectReference: {fileID: 0}
    - target: {fileID: 3085824160149566446, guid: 60d04a85c043b8243bf1bd74e8037ee7,
        type: 3}
      propertyPath: m_LocalEulerAnglesHint.z
      value: 0
      objectReference: {fileID: 0}
    m_RemovedComponents: []
  m_SourcePrefab: {fileID: 100100000, guid: 60d04a85c043b8243bf1bd74e8037ee7, type: 3}
--- !u!4 &784947804748974118 stripped
Transform:
  m_CorrespondingSourceObject: {fileID: 3085824160149566446, guid: 60d04a85c043b8243bf1bd74e8037ee7,
    type: 3}
  m_PrefabInstance: {fileID: 2321532387109993416}
  m_PrefabAsset: {fileID: 0}
--- !u!1001 &4062076136083961945
PrefabInstance:
  m_ObjectHideFlags: 0
  serializedVersion: 2
  m_Modification:
    m_TransformParent: {fileID: 1805475636046916933}
    m_Modifications:
    - target: {fileID: 8305879662142874082, guid: 60bff7ab553d12d4a99ff19c1a0cb1ad,
        type: 3}
      propertyPath: m_Name
      value: Player (4)
      objectReference: {fileID: 0}
    - target: {fileID: 8308833246172262360, guid: 60bff7ab553d12d4a99ff19c1a0cb1ad,
        type: 3}
      propertyPath: m_LocalPosition.x
      value: 0
      objectReference: {fileID: 0}
    - target: {fileID: 8308833246172262360, guid: 60bff7ab553d12d4a99ff19c1a0cb1ad,
        type: 3}
      propertyPath: m_LocalPosition.y
      value: 0
      objectReference: {fileID: 0}
    - target: {fileID: 8308833246172262360, guid: 60bff7ab553d12d4a99ff19c1a0cb1ad,
        type: 3}
      propertyPath: m_LocalPosition.z
      value: -0.33
      objectReference: {fileID: 0}
    - target: {fileID: 8308833246172262360, guid: 60bff7ab553d12d4a99ff19c1a0cb1ad,
        type: 3}
      propertyPath: m_LocalRotation.x
      value: 0
      objectReference: {fileID: 0}
    - target: {fileID: 8308833246172262360, guid: 60bff7ab553d12d4a99ff19c1a0cb1ad,
        type: 3}
      propertyPath: m_LocalRotation.y
      value: 0
      objectReference: {fileID: 0}
    - target: {fileID: 8308833246172262360, guid: 60bff7ab553d12d4a99ff19c1a0cb1ad,
        type: 3}
      propertyPath: m_LocalRotation.z
      value: 0
      objectReference: {fileID: 0}
    - target: {fileID: 8308833246172262360, guid: 60bff7ab553d12d4a99ff19c1a0cb1ad,
        type: 3}
      propertyPath: m_LocalRotation.w
      value: 1
      objectReference: {fileID: 0}
    - target: {fileID: 8308833246172262360, guid: 60bff7ab553d12d4a99ff19c1a0cb1ad,
        type: 3}
      propertyPath: m_RootOrder
      value: 0
      objectReference: {fileID: 0}
    - target: {fileID: 8308833246172262360, guid: 60bff7ab553d12d4a99ff19c1a0cb1ad,
        type: 3}
      propertyPath: m_LocalEulerAnglesHint.x
      value: 0
      objectReference: {fileID: 0}
    - target: {fileID: 8308833246172262360, guid: 60bff7ab553d12d4a99ff19c1a0cb1ad,
        type: 3}
      propertyPath: m_LocalEulerAnglesHint.y
      value: 0
      objectReference: {fileID: 0}
    - target: {fileID: 8308833246172262360, guid: 60bff7ab553d12d4a99ff19c1a0cb1ad,
        type: 3}
      propertyPath: m_LocalEulerAnglesHint.z
      value: 0
      objectReference: {fileID: 0}
    m_RemovedComponents: []
  m_SourcePrefab: {fileID: 100100000, guid: 60bff7ab553d12d4a99ff19c1a0cb1ad, type: 3}
--- !u!4 &5409249118435252097 stripped
Transform:
  m_CorrespondingSourceObject: {fileID: 8308833246172262360, guid: 60bff7ab553d12d4a99ff19c1a0cb1ad,
    type: 3}
  m_PrefabInstance: {fileID: 4062076136083961945}
  m_PrefabAsset: {fileID: 0}
--- !u!1001 &7069905213573536874
PrefabInstance:
  m_ObjectHideFlags: 0
  serializedVersion: 2
  m_Modification:
    m_TransformParent: {fileID: 1805475636046916933}
    m_Modifications:
    - target: {fileID: 3613472458132935774, guid: 25cdd1550c516924ba462289b998a34b,
        type: 3}
      propertyPath: m_Name
      value: Player4WhiteBunny Variant
      objectReference: {fileID: 0}
    - target: {fileID: 3616157769948502628, guid: 25cdd1550c516924ba462289b998a34b,
        type: 3}
      propertyPath: m_LocalPosition.x
      value: 0
      objectReference: {fileID: 0}
    - target: {fileID: 3616157769948502628, guid: 25cdd1550c516924ba462289b998a34b,
        type: 3}
      propertyPath: m_LocalPosition.y
      value: 0
      objectReference: {fileID: 0}
    - target: {fileID: 3616157769948502628, guid: 25cdd1550c516924ba462289b998a34b,
        type: 3}
      propertyPath: m_LocalPosition.z
      value: -0.33
      objectReference: {fileID: 0}
    - target: {fileID: 3616157769948502628, guid: 25cdd1550c516924ba462289b998a34b,
        type: 3}
      propertyPath: m_LocalRotation.x
      value: -0
      objectReference: {fileID: 0}
    - target: {fileID: 3616157769948502628, guid: 25cdd1550c516924ba462289b998a34b,
        type: 3}
      propertyPath: m_LocalRotation.y
      value: -0
      objectReference: {fileID: 0}
    - target: {fileID: 3616157769948502628, guid: 25cdd1550c516924ba462289b998a34b,
        type: 3}
      propertyPath: m_LocalRotation.z
      value: -0
      objectReference: {fileID: 0}
    - target: {fileID: 3616157769948502628, guid: 25cdd1550c516924ba462289b998a34b,
        type: 3}
      propertyPath: m_LocalRotation.w
      value: 1
      objectReference: {fileID: 0}
    - target: {fileID: 3616157769948502628, guid: 25cdd1550c516924ba462289b998a34b,
        type: 3}
      propertyPath: m_RootOrder
      value: 3
      objectReference: {fileID: 0}
    - target: {fileID: 3616157769948502628, guid: 25cdd1550c516924ba462289b998a34b,
        type: 3}
      propertyPath: m_LocalEulerAnglesHint.x
      value: 0
      objectReference: {fileID: 0}
    - target: {fileID: 3616157769948502628, guid: 25cdd1550c516924ba462289b998a34b,
        type: 3}
      propertyPath: m_LocalEulerAnglesHint.y
      value: 0
      objectReference: {fileID: 0}
    - target: {fileID: 3616157769948502628, guid: 25cdd1550c516924ba462289b998a34b,
        type: 3}
      propertyPath: m_LocalEulerAnglesHint.z
      value: 0
      objectReference: {fileID: 0}
    m_RemovedComponents: []
  m_SourcePrefab: {fileID: 100100000, guid: 25cdd1550c516924ba462289b998a34b, type: 3}
--- !u!4 &5778809916126332430 stripped
Transform:
  m_CorrespondingSourceObject: {fileID: 3616157769948502628, guid: 25cdd1550c516924ba462289b998a34b,
    type: 3}
  m_PrefabInstance: {fileID: 7069905213573536874}
  m_PrefabAsset: {fileID: 0}
--- !u!1001 &8772430309582857987
PrefabInstance:
  m_ObjectHideFlags: 0
  serializedVersion: 2
  m_Modification:
    m_TransformParent: {fileID: 1805475636046916933}
    m_Modifications:
    - target: {fileID: 3706161107014751560, guid: ba0871b03290ebb41976db7734aa25d0,
        type: 3}
      propertyPath: m_Name
      value: Player4Bunny Variant
      objectReference: {fileID: 0}
    - target: {fileID: 3703194467321043826, guid: ba0871b03290ebb41976db7734aa25d0,
        type: 3}
      propertyPath: m_LocalPosition.x
      value: 0
      objectReference: {fileID: 0}
    - target: {fileID: 3703194467321043826, guid: ba0871b03290ebb41976db7734aa25d0,
        type: 3}
      propertyPath: m_LocalPosition.y
      value: 0
      objectReference: {fileID: 0}
    - target: {fileID: 3703194467321043826, guid: ba0871b03290ebb41976db7734aa25d0,
        type: 3}
      propertyPath: m_LocalPosition.z
      value: -0.33
      objectReference: {fileID: 0}
    - target: {fileID: 3703194467321043826, guid: ba0871b03290ebb41976db7734aa25d0,
        type: 3}
      propertyPath: m_LocalRotation.x
      value: -0
      objectReference: {fileID: 0}
    - target: {fileID: 3703194467321043826, guid: ba0871b03290ebb41976db7734aa25d0,
        type: 3}
      propertyPath: m_LocalRotation.y
      value: -0
      objectReference: {fileID: 0}
    - target: {fileID: 3703194467321043826, guid: ba0871b03290ebb41976db7734aa25d0,
        type: 3}
      propertyPath: m_LocalRotation.z
      value: -0
      objectReference: {fileID: 0}
    - target: {fileID: 3703194467321043826, guid: ba0871b03290ebb41976db7734aa25d0,
        type: 3}
      propertyPath: m_LocalRotation.w
      value: 1
      objectReference: {fileID: 0}
    - target: {fileID: 3703194467321043826, guid: ba0871b03290ebb41976db7734aa25d0,
        type: 3}
      propertyPath: m_RootOrder
      value: 1
      objectReference: {fileID: 0}
    - target: {fileID: 3703194467321043826, guid: ba0871b03290ebb41976db7734aa25d0,
        type: 3}
      propertyPath: m_LocalEulerAnglesHint.x
      value: 0
      objectReference: {fileID: 0}
    - target: {fileID: 3703194467321043826, guid: ba0871b03290ebb41976db7734aa25d0,
        type: 3}
      propertyPath: m_LocalEulerAnglesHint.y
      value: 0
      objectReference: {fileID: 0}
    - target: {fileID: 3703194467321043826, guid: ba0871b03290ebb41976db7734aa25d0,
        type: 3}
      propertyPath: m_LocalEulerAnglesHint.z
      value: 0
      objectReference: {fileID: 0}
    m_RemovedComponents: []
  m_SourcePrefab: {fileID: 100100000, guid: ba0871b03290ebb41976db7734aa25d0, type: 3}
--- !u!4 &5393497455118695537 stripped
Transform:
  m_CorrespondingSourceObject: {fileID: 3703194467321043826, guid: ba0871b03290ebb41976db7734aa25d0,
    type: 3}
  m_PrefabInstance: {fileID: 8772430309582857987}
  m_PrefabAsset: {fileID: 0}
